
@book{Mueller07_InformationRetrieval_SPRINGER,
	author    = {Meinard M\"{u}ller},
	title     = {Information Retrieval for Music and Motion},
	type      = {Monograph},
	year      = {2007},
	isbn      = {3540740473},
	publisher = {Springer Verlag},
}

@book{Mueller15_FundamentalsMusicProcessig_SPRINGER,
	author    = {Meinard M\"{u}ller},
	title     = {Fundamentals of Music Processing -- Audio, Analysis, Algorithms, Applications},
	type      = {Monograph},
	year      = {2015},
	isbn      = {978-3-319-21944-8},
	publisher = {Springer Verlag}
}
